
  <record>
    <controlfield tag="001">234</controlfield>
    <datafield tag="024" ind1="7" ind2=" ">
      <subfield code="2">DOI</subfield>
      <subfield code="a">10.7483/OPENDATA.CMS.3E87.48PZ</subfield>
    </datafield>
    <datafield tag="100" ind1=" " ind2=" ">
      <subfield code="a">Rodriguez Marrero, Ana</subfield>
    </datafield>
    <datafield tag="245" ind1=" " ind2=" ">
      <subfield code="a">Two-lepton/four-lepton analysis example of CMS 2011 open data</subfield>
    </datafield>
    <datafield tag="256" ind1=" " ind2=" ">
      <subfield code="a">Software</subfield>
      <subfield code="f">1</subfield>
      <subfield code="t">file</subfield>
    </datafield>
    <datafield tag="256" ind1=" " ind2=" ">
      <subfield code="b">0</subfield>
      <subfield code="t">bytes</subfield>
    </datafield>
    <datafield tag="260" ind1=" " ind2=" ">
      <subfield code="b">CERN Open Data Portal</subfield>
      <subfield code="c">2016</subfield>
    </datafield>
    <datafield tag="264" ind1=" " ind2="0">
      <subfield code="c">2016</subfield>
    </datafield>
    <datafield tag="516" ind1=" " ind2=" ">
      <subfield code="a">Use this with the following datasets:</subfield>
      <subfield code="w">230</subfield>
      <subfield code="w">231</subfield>
    </datafield>
    <datafield tag="520" ind1=" " ind2=" ">
      <subfield code="a">Example code for a simple analysis on Z decays to two leptons and ZZ decays to four leptons, of CMS open data.</subfield>
    </datafield>
    <datafield tag="538" ind1=" " ind2=" ">
      <subfield code="a">Software release: CMSSW_5_3_32</subfield>
      <subfield code="i">Use this code with the CMS Open Data VM environment for 2011 open data</subfield>
      <subfield code="w">252</subfield>
    </datafield>
    <datafield tag="540" ind1=" " ind2=" ">
      <subfield code="a">GNU General Public License (GPL) version 3</subfield>
    </datafield>
    <datafield tag="556" ind1=" " ind2=" ">
      <subfield code="a">Running the job over all preprocessed datasets may take several hours.</subfield>
    </datafield>
    <datafield tag="567" ind1=" " ind2=" ">
      <subfield code="a"><![CDATA[ <p> The event selection is the same as the one used in <a href="/record/101">2010 example</a>:
      <ol class="text"><li>In the Z analysis at least two leptons with opposite charge, with invariant mass ”mll” between 12 GeV and 120 GeV are required. The pair with the invariant mass closest to the Z boson mass is selected as the Z candidate.</li>
      <li>In the ZZ analysis two Z candidates are required, and for both candidates, two leptons with opposite charge are required. The first Z candidate is required to have higher lepton momentum: 20 GeV for the first lepton and 10 GeV for the second lepton. The invariant mass is required to be in the range 40 GeV to 120 GeV. The second candidate is required to have an invariant mass higher then 4 GeV. The first candidate is the one with the invariant mass closest to the Z boson mass.</li></ol></p>
      <p>Selection criteria for electron candidates:
      <ul class="text"><li>pT > 7 GeV and |η| &lt; 2.5;</li>
      <li>Distance between the electron z-vertex and the interaction z-vertex &lt; 0.02 cm;</li>
      <li>Transverse impact parameter w.r.t. the beam spot &lt; 0.04 cm;</li>
      <li>Symmetrised impact parameter w.r.t. the beam sport &lt; 4 cm;</li>
      <li>Photon conversion rejection: number of lost hits in the tracker &lt; 1;</li>
      <li>Electron identification: eIDLoose;</li>
      <li>Electron Isolation depends on the η region, regions with <i>1.44 &lt; η 0.09; electron.dr03EcalRecHitSumEt()/electron.pt() &gt; 0.07; and electron.dr03HcalTowerSumEt()/electron.pt() > 0.10.</i> If <i>η &gt; 1.57: electron.dr03TkSumPt()/electron.pt() &gt; 0.04; electron.dr03EcalRecHitSumEt()/electron.pt() &gt; 0.05; and electron.dr03HcalTowerSumEt()/electron.pt() &gt; 0.025.</i> Each component is computed from Isodeposits in a cone of 0.3 around the electron direction.</li></ul></p>
      <p>Selection criteria for muon candidates:
      <ul class="text">
      <li>pT &gt; 5 GeV and |η| &lt; 2.4;</li>
      <li>Distance between the muon z-vertex and the interaction z-vertex &lt; 0.02 cm;</li>
      <li>Is a GlobalMuon and TrackerMuon;</li>
      <li>Number of valid hits in the inner tracker &gt; 10;</li>
      <li>χ2 /ndo f &lt; 10 for the global muon fit;</li>
      <li>Transverse impact parameter w.r.t. the beam spot &lt; 0.02 cm;</li>
      <li>Symmetrised impact parameter w.r.t. the beam sport &lt; 4 cm;</li>
      <li>Relative Muon Isolation (RMI) &lt; 0.15, with RMI = (ChargedHadronIso + NeutralHadronIso + PhotonIso)/pT(µ)</li></ul>
      <br/>Each component is computed from Isodeposits in a cone of 0.3 around the muon direction. </p> ]]></subfield>
    </datafield>
    <datafield tag="581" ind1=" " ind2=" ">
      <subfield code="a">See the run instructions in</subfield>
      <subfield code="u">https://github.com/katilp/OutreachExercise2011/blob/master/README.md</subfield>
      <subfield code="y">GitHub</subfield>
    </datafield>
    <datafield tag="583" ind1=" " ind2=" ">
      <subfield code="a">The input files contain only the validated runs for primary datasets of 2011. For user validation of the analysis step, compare the result to the expected output file.</subfield>
      <subfield code="w">1001</subfield>
    </datafield>
    <datafield tag="693" ind1=" " ind2=" ">
      <subfield code="a">CERN-LHC</subfield>
      <subfield code="e">CMS</subfield>
    </datafield>
    <datafield tag="700" ind1=" " ind2=" ">
      <subfield code="a">Lassila-Perini, Kati</subfield>
    </datafield>
    <datafield tag="856" ind1="4" ind2=" ">
      <subfield code="u">https://github.com/katilp/OutreachExercise2011</subfield>
    </datafield>
    <datafield tag="964" ind1=" " ind2="0">
      <subfield code="c">Run2011A</subfield>
    </datafield>
    <datafield tag="980" ind1=" " ind2=" ">
      <subfield code="a">CMS-Tools</subfield>
    </datafield>
    <datafield tag="980" ind1=" " ind2=" ">
      <subfield code="b">Education</subfield>
    </datafield>
  </record>
</collection>
